@MISC{Bootstrap,
    HOWPUBLISHED = "\url{https://getbootstrap.com}",
    TITLE = "Get Bootstrap",
}

@MISC{Bootstrap-Exemples,
    HOWPUBLISHED = "\url{https://getbootstrap.com/docs/5.1/examples/}",
    TITLE = "Exemple Bootstrap",
}

@MISC{OpenWeatherApp,
    HOWPUBLISHED = "\url{https://openweathermap.org}",
    TITLE = "OpenWeatherApp",
}

@MISC{OpenWeatherApp-OneCall,
    HOWPUBLISHED = "\url{https://openweathermap.org/api/one-call-api}",
    TITLE = "OpenWeatherApp one call api",
}

@MISC{MySQL-wikipedia,
    HOWPUBLISHED = "\url{https://fr.wikipedia.org/wiki/MySQL}",
    TITLE = "Wikipedia MySQL",
}