@MISC{Bootstrap,
    HOWPUBLISHED = "\url{https://getbootstrap.com}",
    TITLE = "Bootstrap",
}
@MISC{OpenWeatherMap,
    HOWPUBLISHED = "\url{https://openweathermap.org}",
    TITLE = "OpenWeatherMap",
}
@MISC{NodeJS,
    HOWPUBLISHED = "\url{https://nodejs.org}",
    TITLE = "Node.js",
}
@MISC{MySQL,
    HOWPUBLISHED = "\url{https://www.mysql.com}",
    TITLE = "MySQL",
}
@MISC{Bootstrap,
    HOWPUBLISHED = "\url{https://getbootstrap.com}",
    TITLE = "Get Bootstrap",
}
@MISC{ExpressJS,
    HOWPUBLISHED = "\url{https://expressjs.com}",
    TITLE = "Express JS",
}
@MISC{Handlebars,
    HOWPUBLISHED = "\url{https://handlebarsjs.com}",
    TITLE = "Handlebars",
}
@MISC{Bcrypt,
    HOWPUBLISHED = "\url{https://www.bcrypt.fr}",
    TITLE = "Bcrypt",
}
@MISC{JWT,
    HOWPUBLISHED = "\url{https://jwt.io}",
    TITLE = "JSON Web Tokens",
}
@MISC{Heroku,
    HOWPUBLISHED = "\url{https://www.heroku.com}",
    TITLE = "Heroku",
}
@MISC{JawsDB,
    HOWPUBLISHED = "\url{https://www.jawsdb.com}",
    TITLE = "JawsDB Database",
}

@MISC{Momentjs,
    HOWPUBLISHED="\url{https://momentjs.com}",
    TITLE="Moment js",
}